@inproceedings{he2016deep,
	title={Deep residual learning for image recognition},
	author={He, Kaiming and Zhang, Xiangyu and Ren, Shaoqing and Sun, Jian},
	booktitle={Proceedings of the IEEE conference on computer vision and pattern recognition},
	pages={770--778},
	year={2016}
}

@inproceedings{ronneberger2015u,
	title={U-net: Convolutional networks for biomedical image segmentation},
	author={Ronneberger, Olaf and Fischer, Philipp and Brox, Thomas},
	booktitle={International Conference on Medical image computing and computer-assisted intervention},
	pages={234--241},
	year={2015},
	organization={Springer}
}

@article{DBLP:journals/corr/ChaurasiaC17,
	author    = {Abhishek Chaurasia and
	Eugenio Culurciello},
	title     = {LinkNet: Exploiting Encoder Representations for Efficient Semantic
	Segmentation},
	journal   = {CoRR},
	volume    = {abs/1707.03718},
	year      = {2017},
	url       = {http://arxiv.org/abs/1707.03718},
	archivePrefix = {arXiv},
	eprint    = {1707.03718},
	timestamp = {Sat, 05 Aug 2017 14:56:22 +0200},
	biburl    = {https://dblp.org/rec/bib/journals/corr/ChaurasiaC17},
	bibsource = {dblp computer science bibliography, https://dblp.org}
}


@article{DBLP:journals/corr/abs-1710-05006,
  author    = {Noel C. F. Codella and
               David Gutman and
               M. Emre Celebi and
               Brian Helba and
               Michael A. Marchetti and
               Stephen W. Dusza and
               Aadi Kalloo and
               Konstantinos Liopyris and
               Nabin K. Mishra and
               Harald Kittler and
               Allan Halpern},
  title     = {Skin Lesion Analysis Toward Melanoma Detection: {A} Challenge at the
               2017 International Symposium on Biomedical Imaging (ISBI), Hosted
               by the International Skin Imaging Collaboration {(ISIC)}},
  journal   = {CoRR},
  volume    = {abs/1710.05006},
  year      = {2017},
  url       = {http://arxiv.org/abs/1710.05006},
  archivePrefix = {arXiv},
  eprint    = {1710.05006},
  timestamp = {Thu, 02 Nov 2017 06:28:06 +0100},
  biburl    = {https://dblp.org/rec/bib/journals/corr/abs-1710-05006},
  bibsource = {dblp computer science bibliography, https://dblp.org}
}

@article{DBLP:journals/corr/abs-1803-10417,
	author    = {Philipp Tschandl and
	Cliff Rosendahl and
	Harald Kittler},
	title     = {The {HAM10000} Dataset: {A} Large Collection of Multi-Source Dermatoscopic
	Images of Common Pigmented Skin Lesions},
	journal   = {CoRR},
	volume    = {abs/1803.10417},
	year      = {2018},
	url       = {http://arxiv.org/abs/1803.10417},
	archivePrefix = {arXiv},
	eprint    = {1803.10417},
	timestamp = {Wed, 11 Apr 2018 17:54:17 +0200},
	biburl    = {https://dblp.org/rec/bib/journals/corr/abs-1803-10417},
	bibsource = {dblp computer science bibliography, https://dblp.org}
}

@inproceedings{imagenet_cvpr09,
	AUTHOR = {Deng, J. and Dong, W. and Socher, R. and Li, L.-J. and Li, K. and Fei-Fei, L.},
	TITLE = {{ImageNet: A Large-Scale Hierarchical Image Database}},
	BOOKTITLE = {CVPR09},
	YEAR = {2009},
	BIBSOURCE = "http://www.image-net.org/papers/imagenet_cvpr09.bib"}